<record><leader>00000cas a22000007a 4500</leader><controlfield tag="001">12156186</controlfield><controlfield tag="008">850614d18701874tnuwr ne      0    0eng d</controlfield><datafield ind1=" " ind2=" " tag="010"><subfield code="a">sn 85033666 </subfield></datafield><datafield ind1=" " ind2=" " tag="040"><subfield code="a">NPU</subfield><subfield code="b">eng</subfield><subfield code="c">NPU</subfield><subfield code="d">OCLCQ</subfield></datafield><datafield ind1=" " ind2=" " tag="042"><subfield code="a">msc</subfield></datafield><datafield ind1="0" ind2="4" tag="245"><subfield code="a">The M'Kenzie times.</subfield></datafield><datafield ind1="3" ind2="0" tag="246"><subfield code="a">McKenzie times</subfield></datafield><datafield ind1=" " ind2=" " tag="260"><subfield code="a">M'Kenzie [i.e. McKenzie], Tenn. :</subfield><subfield code="b">C. Hawkins</subfield></datafield><datafield ind1=" " ind2=" " tag="300"><subfield code="a">v. ;</subfield><subfield code="c">61 cm.</subfield></datafield><datafield ind1=" " ind2=" " tag="310"><subfield code="a">Weekly</subfield></datafield><datafield ind1="1" ind2=" " tag="362"><subfield code="a">Began in 1870; ceased in 1874?</subfield><subfield code="z">Cf. Rowell, 1874.</subfield></datafield><datafield ind1=" " ind2=" " tag="588"><subfield code="a">Description based on: Vol. 3, no. 7 (Feb. 1, 1873).</subfield></datafield><datafield ind1=" " ind2=" " tag="752"><subfield code="a">United States</subfield><subfield code="b">Tennessee</subfield><subfield code="c">Carroll</subfield><subfield code="d">McKenzie.</subfield></datafield></record>